
@article{CurryDiscreteMorsetheory2016,
  title = {Discrete {{Morse}} Theory for Computing Cellular Sheaf Cohomology},
  volume = {16},
  number = {4},
  journal = {Foundations of Computational Mathematics},
  author = {Curry, Justin and Ghrist, Robert and Nanda, Vidit},
  year = {2016},
  pages = {875--897},
  file = {/Users/joshua/Zotero/storage/S7PSUMNJ/Curry Ghrist Nanda - Discrete Morse Theory for Computing Cellular Sheaf Cohomology.pdf}
}

@article{AdamaszekMetricreconstructionoptimal2017,
  title = {Metric Reconstruction via Optimal Transport},
  journal = {arXiv:1706.04876 [math]},
  author = {Adamaszek, Michal and Adams, Henry and Frick, Florian},
  year = {2017},
  file = {/Users/joshua/Zotero/storage/K7K3HVQJ/Adamaszek Adams Frick - Metric Reconstruction Via Optimal Transport.pdf;/Users/joshua/Zotero/storage/KE6RBGA7/AdamaszekAdamsFrick_metricVR.pdf}
}

@article{AdamaszekVietorisRipscomplexesellipses2017,
  title = {On {{Vietoris}}-{{Rips}} Complexes of Ellipses},
  journal = {arXiv:1704.04956 [math]},
  author = {Adamaszek, Michal and Adams, Henry and Reddy, Samadwara},
  year = {2017},
  file = {/Users/joshua/Zotero/storage/WZKWLP9I/Adamaszek Adams Reddy - VR Complexes of Ellipses.pdf}
}

@article{BenedettiSmoothingdiscreteMorse2012,
  title = {Smoothing Discrete {{Morse}} Theory},
  journal = {arXiv:1212.0885 [math]},
  author = {Benedetti, Bruno},
  year = {2012},
  file = {/Users/joshua/Zotero/storage/CVZST2G7/Benedetti - Smoothing Discrete Morse Theory.pdf}
}

@article{Formanuserguidediscrete2002,
  title = {A User's Guide to Discrete {{Morse}} Theory},
  volume = {48},
  journal = {S{\'e}m. Lothar. Combin},
  author = {Forman, Robin},
  year = {2002},
  pages = {35pp},
  file = {/Users/joshua/Zotero/storage/TMJGRQND/Forman - Users Guide to Discrete Morse Theory.pdf}
}

@article{NiyogiFindingHomologySubmanifolds2008,
  title = {Finding the {{Homology}} of {{Submanifolds}} with {{High Confidence}} from {{Random Samples}}},
  volume = {39},
  issn = {0179-5376, 1432-0444},
  doi = {10.1007/s00454-008-9053-2},
  language = {en},
  number = {1-3},
  journal = {Discrete \& Computational Geometry},
  author = {Niyogi, Partha and Smale, Stephen and Weinberger, Shmuel},
  month = mar,
  year = {2008},
  pages = {419--441},
  file = {/Users/joshua/Zotero/storage/3UY54T7N/Niyogi Smale Weinberger - HomologyofSubmanifolds.pdf;/Users/joshua/Zotero/storage/DLYSNN7W/Niyogi Smale Weinberger - HomologyofSubmanifolds.pdf}
}

@article{BottMorsetheoryindomitable,
  title = {Morse Theory Indomitable},
  author = {Bott, Raoul},
  file = {/Users/joshua/Zotero/storage/QM9KBPNL/Bott - Morse theory indomitable.pdf}
}

@incollection{HausmannVietorisRipsComplexes1995,
  series = {Annals of Mathematics Studies},
  title = {On the {{Vietoris}}\textendash{}{{Rips Complexes}} and a {{Cohomology Theory}} for {{Metric Spaces}}},
  number = {138},
  booktitle = {Prospects in {{Topology}}},
  author = {Hausmann, Jeane-Claude},
  year = {1995},
  pages = {175--187},
  file = {/Users/joshua/Zotero/storage/FA3IYSAT/Hausmann - VRComplexesandCohomologyforMetricSpaces.pdf}
}

@article{AdamaszekVietorisRipsComplexes,
  title = {The {{Vietoris}}\textendash{}{{Rips Complexes}} of a {{Circle}}},
  author = {Adamaszek, Micha{\l} and Adams, Henry},
  journal = {Pacific Journal of Mathematics},
  year = {2017},
  file = {/Users/joshua/Zotero/storage/ZKM39LUZ/AdamaszekAdams_TheVietoris-RipsComplexesofaCircle.pdf}
}

@article{GasparovicCompleteCharacterization1Dimensional2017,
  title = {A {{Complete Characterization}} of the 1-{{Dimensional Intrinsic Cech Persistence Diagrams}} for {{Metric Graphs}}},
  journal = {arXiv:1702.07379 [math]},
  author = {Gasparovic, Ellen and Gommel, Maria and Purvine, Emilie and Sazdanovic, Radmila and Wang, Bei and Wang, Yusu and Ziegelmeier, Lori},
  year = {2017},
  keywords = {57M15,Mathematics - Algebraic Topology},
  file = {/Users/joshua/Zotero/storage/SM9AJVCI/Gasparovic et al. - 2017 - A Complete Characterization of the 1-Dimensional I.pdf;/Users/joshua/Zotero/storage/NWUQC5A3/1702.html},
}

@article{Virk1DimensionalIntrinsicPersistence2017,
  title = {1-{{Dimensional Intrinsic Persistence}} of {{Geodesic Spaces}}},
  journal = {arXiv:1709.05164 [math]},
  author = {Virk, {\v Z}iga},
  month = sep,
  year = {2017},
  keywords = {Mathematics - Metric Geometry,Mathematics - Algebraic Topology,Mathematics - Geometric Topology},
  file = {/Users/joshua/Documents/Research/Meeting Notes/2018-01-29.pdf;/Users/joshua/Zotero/storage/R84UH9RN/Virk - 2017 - 1-Dimensional Intrinsic Persistence of Geodesic Sp.pdf;/Users/joshua/Zotero/storage/RCZCSVCT/1709.html},
}

@article{KozlovDiscreteMorsetheory2005,
  title = {Discrete {{Morse}} Theory for Free Chain Complexes},
  volume = {340},
  issn = {1631-073X},
  doi = {10.1016/j.crma.2005.04.036},
  abstract = {We extend the combinatorial Morse complex construction to arbitrary free chain complexes, and give a short, self-contained, and elementary proof of the quasi-isomorphism between the original chain complex and its Morse complex. Even stronger, the main result states that, if C${_\ast}$ is a free chain complex, and M an acyclic matching, then C${_\ast}$=C${_\ast}$M$\oplus$T${_\ast}$, where C${_\ast}$M is the Morse complex generated by the critical elements, and T${_\ast}$ is an acyclic complex. To cite this article: D.N. Kozlov, C. R. Acad. Sci. Paris, Ser. I 340 (2005).
R{\'e}sum{\'e}
On {\'e}tend la construction du complexe de Morse combinatoire aux complexes de cha{\^\i}nes libres g{\'e}n{\'e}raux, et on donne une d{\'e}monstration br{\`e}ve et {\'e}l{\'e}mentaire du quasi-isomorphisme entre le complexe de cha{\^\i}nes original et son complexe de Morse. Plus pr{\'e}cis{\'e}ment, le r{\'e}sultat principal dit que, si C${_\ast}$ est un complexe de cha{\^\i}nes libres et M est une correspondance acyclique, alors C${_\ast}$=C${_\ast}$M$\oplus$T${_\ast}$, o{\`u} C${_\ast}$M est le complexe de Morse engendr{\'e} par les {\'e}l{\'e}ments critiques et T${_\ast}$ est un complexe acyclique. Pour citer cet article : D.N. Kozlov, C. R. Acad. Sci. Paris, Ser. I 340 (2005).},
  number = {12},
  journal = {Comptes Rendus Mathematique},
  author = {Kozlov, Dmitry N.},
  month = jun,
  year = {2005},
  pages = {867--872},
  file = {/Users/joshua/Zotero/storage/5AYMHPQ4/Kozlov - 2005 - Discrete Morse theory for free chain complexes.pdf;/Users/joshua/Zotero/storage/TGCP2N7P/S1631073X05002219.html}
}

@article{SkoldbergMorsetheoryalgebraic2006,
  title = {Morse Theory from an Algebraic Viewpoint},
  volume = {358},
  number = {1},
  journal = {Transactions of the American Mathematical Society},
  author = {Sk{\"o}ldberg, Emil},
  year = {2006},
  pages = {115--129},
  file = {/Users/joshua/Zotero/storage/4Q7L5DCR/Sk√∂ldberg - 2006 - Morse theory from an algebraic viewpoint.pdf}
}

@book{MilnorMorseTheory1963,
  title = {Morse {{Theory}}},
  publisher = {{Princeton University Press}},
  author = {Milnor, John},
  year = {1963},
  file = {/Users/joshua/Zotero/storage/JT87GXMS/Milnor - Morse Theory.pdf}
}

@book{EdelsbrunnerComputationalTopologyIntroduction2008,
  title = {Computational {{Topology}}: {{An Introduction}}},
  author = {Edelsbrunner, Herbert and Harer, John},
  year = {2008},
  publisher = {American Mathematical Society},
  file = {/Users/joshua/Zotero/storage/YB496RPV/Edelsbrunner Harer - Computational Topology.pdf}
}

@book{MilnorLectureshCobordismTheorem1965,
  title = {Lectures on the H-{{Cobordism Theorem}}},
  publisher = {{Princeton University Press}},
  author = {Milnor, John},
  year = {1965},
  file = {/Users/joshua/Zotero/storage/XMP5MIFU/Milnor - Lectors on the H-Cobordism Theorem.pdf}
}

@article{FormanMorseTheoryCell1998,
  title = {Morse {{Theory}} for {{Cell Complexes}}},
  volume = {134},
  issn = {0001-8708},
  doi = {10.1006/aima.1997.1650},
  number = {1},
  journal = {Advances in Mathematics},
  author = {Forman, Robin},
  month = mar,
  year = {1998},
  pages = {90--145},
  file = {/Users/joshua/Zotero/storage/P6V6I86P/Forman - 1998 - Morse Theory for Cell Complexes.pdf;/Users/joshua/Zotero/storage/489FQKGD/S0001870897916509.html}
}

@article{AdamsMetricthickeningsEuclidean2017,
  journal = {arXiv:1709.02492 [math]},
  author = {Adams, Henry and Mirth, Joshua},
  year = {2017},
  title = {Metric Thickenings of {{Euclidean}} Submanifolds},
  file = {/Users/joshua/Zotero/storage/2MSEHX57/Adams and Mirth - 2017 - Metric thickenings of Euclidean submanifolds.pdf;/Users/joshua/Zotero/storage/JRKAJUQC/1709.html}
}


